=LDR  01104pam a2200277 a 4500
=001  013332131
=003  Uk
=005  20060421103306.0
=008  050824r20061984enk\\\\\\\\\\\000\1\eng\\
=016  7\$a013332131$2Uk
=020  \\$a0007221525 (pbk.) :$c£7.99
=020  \\$a9780007221523 (pbk.) :$c£7.99
=082  04$a823.914$222
=100  1\$aBallard, J. G.$d1930-2009$1http://viaf.org/viaf/9842556$4http://rdaregistry.info/Elements/w/object/P10061
=240  10$aEmpire of the sun$1http://viaf.org/viaf/180997771
=245  10$aEmpire of the sun /$cJ.G. Ballard.
=260  \\$aLondon :$bHarper Perennial,$c2006.
=300  \\$a351 pages ;$c20 cm.
=336  \\$atext$2rdacontent$0http://rdaregistry.info/termList/RDAContentType/1020
=337  \\$aunmediated$2rdamedia$0http://rdaregistry.info/termList/RDAMediaType/1007
=338  \\$avolume$2rdacarrier$0http://rdaregistry.info/termList/RDACarrierType/1049
=380  \\$aFiction
=490  1\$aHarper Perennial modern classics
=500  \\$aFormerly CIP.$5Uk
=500  \\$aOriginally published: London: Gollancz, 1984.
=830  \0$aHarper Perennial modern classics.

