=LDR  00904 am a22002537a 4500
=001  009376216
=003  UK
=005  20160601115100.0
=008  940621r19931987enk\\\\||\\\\\000\1|eng\\
=019  1\$a0006545947
=019  9\$a0006545947
=019  y\$ab9449332
=020  \\$a0006545947 (pbk) :$c£5.99
=039  0\$a2295
=082  04$a823.914$220
=100  1\$aBallard, J. G.$d1930-2009$1http://viaf.org/viaf/9842556$4http://rdaregistry.info/Elements/w/object/P10061
=240  10$aThe day of creation$kNovel$1http://viaf.org/viaf/308025936
=245  14$aThe day of creation.
=260  \\$aLondon :$bFlamingo,$c1993.
=300  \\$a287p.
=336  \\$atext$2rdacontent$0http://rdaregistry.info/termList/RDAContentType/1020
=337  \\$aunmediated$2rdamedia$0http://rdaregistry.info/termList/RDAMediaType/1007
=338  \\$avolume$2rdacarrier$0http://rdaregistry.info/termList/RDACarrierType/1049
=380  \\$aFiction

