=LDR  02055cam a2200325 a 4500
=001  013126573
=003  UkOxU
=005  20090706100631.0
=008  980414r19971963enk\\\\\\\\\\\000\1\eng\d
=020  \\$a0575401303
=090  \\$aPR6052.A46$bV6 1997
=100  1\$aBallard, J. G.$d1930-2009$1http://viaf.org/viaf/9842556$4http://rdaregistry.info/Elements/w/object/P10061
=240  10$aThe four-dimensional nightmare$1http://viaf.org/viaf/183430784
=245  14$aThe voices of time /$cJ.G. Ballard.
=260  \\$aLondon :$bIndigo,$c1997.
=300  \\$a197 pages ;$c20 cm.
=336  \\$atext$btxt$2rdacontent$0http://rdaregistry.info/termList/RDAContentType/1020
=337  \\$aunmediated$bn$2rdamedia$0http://rdaregistry.info/termList/RDAMediaType/1007
=338  \\$avolume$bnc$2rdacarrier$0http://rdaregistry.info/termList/RDACarrierType/1049
=380  \\$aFiction
=500  \\$aFirst published as: The four-dimensional nightmare. London : Gollancz, 1963.
=505  0\$aThe voices of time -- The sound-sweep -- The overloaded man -- Thirteen to Centaurus -- The garden of time -- The cage of sand -- The watch-tower -- Chronopolis.
=700  12$aBallard, J. G.$d1930-2009$kShort story$tThe voices of time$1http://viaf.org/viaf/311471559
=700  12$aBallard, J. G.$d1930-2009$kShort story$tThe sound-sweep$1http://www.isfdb.org/cgi-bin/title.cgi?44514
=700  12$aBallard, J. G.$d1930-2009$kShort story$tThe overloaded man$1http://www.isfdb.org/cgi-bin/title.cgi?57613
=700  12$aBallard, J. G.$d1930-2009$kShort story$tThirteen to Centaurus$1http://www.isfdb.org/cgi-bin/title.cgi?57628
=700  12$aBallard, J. G.$d1930-2009$kShort story$tThe garden of time$1http://www.isfdb.org/cgi-bin/title.cgi?44458
=700  12$aBallard, J. G.$d1930-2009$kShort story$tThe cage of sand$1http://www.isfdb.org/cgi-bin/title.cgi?44123
=700  12$aBallard, J. G.$d1930-2009$kShort story$tThe watch-tower$1http://www.isfdb.org/cgi-bin/title.cgi?57635
=700  12$aBallard, J. G.$d1930-2009$kShort story$tChronopolis$1http://www.isfdb.org/cgi-bin/title.cgi?41557

