=LDR  02152 am a2200385ua 4500
=001  007390701
=003  UK
=005  20160601115100.0
=008  841126r19841963enk\\\\||\\\\\000\1|eng\\
=019  1\$a0460022660
=019  9\$a0460022660
=019  y\$ab8421716
=020  \\$a0460022660 (pbk) :$c£2.95
=039  0\$a1818
=082  04$a823/.914$219
=100  1\$aBallard, J. G.$d1930-2009$1http://viaf.org/viaf/9842556$4http://rdaregistry.info/Elements/w/object/P10061
=240  10$aThe four-dimensional nightmare$1http://viaf.org/viaf/183430784
=245  14$aThe voices of time /$cJ.G. Ballard.
=260  \\$aLondon :$bDent,$c1984, c1974.
=300  \\$a197p. ;$c20cm.
=336  \\$atext$2rdacontent$0http://rdaregistry.info/termList/RDAContentType/1020
=337  \\$aunmediated$2rdamedia$0http://rdaregistry.info/termList/RDAMediaType/1007
=338  \\$avolume$2rdacarrier$0http://rdaregistry.info/termList/RDACarrierType/1049
=380  \\$aFiction
=490  0\$aEveryman fiction
=500  \\$aOriginally published: London : Gollancz, 1963.
=505  0\$aThe voices of time -- The sound-sweep -- The overloaded man -- Thirteen to Centaurus -- The garden of time -- The cage of sand -- The watch-tower -- Chronopolis.
=700  12$aBallard, J. G.$d1930-2009$kShort story$tThe voices of time$1http://viaf.org/viaf/311471559
=700  12$aBallard, J. G.$d1930-2009$kShort story$tThe sound-sweep$1http://www.isfdb.org/cgi-bin/title.cgi?44514
=700  12$aBallard, J. G.$d1930-2009$kShort story$tThe overloaded man$1http://www.isfdb.org/cgi-bin/title.cgi?57613
=700  12$aBallard, J. G.$d1930-2009$kShort story$tThirteen to Centaurus$1http://www.isfdb.org/cgi-bin/title.cgi?57628
=700  12$aBallard, J. G.$d1930-2009$kShort story$tThe garden of time$1http://www.isfdb.org/cgi-bin/title.cgi?44458
=700  12$aBallard, J. G.$d1930-2009$kShort story$tThe cage of sand$1http://www.isfdb.org/cgi-bin/title.cgi?44123
=700  12$aBallard, J. G.$d1930-2009$kShort story$tThe watch-tower$1http://www.isfdb.org/cgi-bin/title.cgi?57635
=700  12$aBallard, J. G.$d1930-2009$kShort story$tChronopolis$1http://www.isfdb.org/cgi-bin/title.cgi?41557

