=LDR  19103cam a2201513 a 4500
=001  017103567
=003  UkOxU
=005  20111020123015.0
=008  090511s2009\\\\nyuc\\\\\\\\\\000\j\eng\\
=010  \\$a2009018456
=020  \\$a0393072622 (hbk.)
=020  \\$a9780393072624 (hbk.)
=040  \\$aDLC$cDLC$dBTCTA$dXII$dWIM$dORX$dC#P$dYDXCP$dBWX
=043  \\$ae-uk---
=050  00$aPR6052.A46$bA6 2009
=082  00$a823/.914$222
=100  1\$aBallard, J. G.$d1930-2009$1http://viaf.org/viaf/9842556$4http://rdaregistry.info/Elements/w/object/P10061
=240  04$aThe complete stories of J.G. Ballard$kCollection$1http://viaf.org/viaf/9842556/complete
=245  14$aThe complete stories of J.G. Ballard /$c[J.G. Ballard ; introduction by Martin Amis].
=250  \\$a1st American ed.
=260  \\$aNew York ;$aLondon :$bW.W. Norton,$c2009.
=300  \\$axv, 1199 pages :$bportrait ;$c25 cm.
=336  \\$atext$btxt$2rdacontent$0http://rdaregistry.info/termList/RDAContentType/1020
=337  \\$aunmediated$bn$2rdamedia$0http://rdaregistry.info/termList/RDAMediaType/1007
=338  \\$avolume$bnc$2rdacarrier$0http://rdaregistry.info/termList/RDACarrierType/1049
=380  \\$aShort story
=500  \\$aPrevious ed. published in Great Britain as: The complete short stories. London : Flamingo, 2001.
=505  00$aIntroduction / by Martin Amis -- Author's introduction -- Prima belladonna --                  Escapement -- The concentration city -- Venus smiles -- Manhole 69 -- Track 12 -- The waiting grounds --                  Now : zero -- The sound-sweep -- Zone of terror -- Chronopolis -- The voices of time --                  The last world of Mr. Goddard -- Studio 5, the stars -- Deep end -- The overloaded man --                  Mr. F is Mr. F -- Billenium -- The gentle assassin -- The insane ones -- The garden of time --                  The thousand dreams of Stellavista -- Thirteen to Centaurus -- Passport to eternity -- The cage of sand --                  The watch-towers -- The singing statues -- The man on the 99th floor -- The subliminal man --                  The reptile enclosure -- A question of re-entry -- The time-tombs -- Now wakes the sea -- The Venus hunters --                  End-game -- Minus one -- The sudden afternoon -- The screen game -- Time of passage --                  Prisoner of the coral deep -- The lost Leonardo -- The terminal beach -- The illuminated man --                  The delta at sunset -- The drowned giant -- The Gioconda of the twilight noon -- The volcano dances --                  The beach murders -- The day of forever -- The impossible man -- Storm-bird, storm-dreamer --                  Tomorrow is a million years -- The assassination of John Fitzgerald Kennedy considered as a downhill motor race --                  Cry hope, cry fury! -- The recognition -- The cloud-sculptors of Coral D -- Why I want to fuck Ronald Reagan --                  The dead astronaut -- The Comsat angels -- The killing ground -- A place and a time to die --                  Say goodbye to the wind -- The greatest television show on earth -- My dream of flying to Wake Island --                  The air disaster -- Low-flying aircraft -- The life and death of God -- Notes towards a mental breakdown --                  The 60 minute zoom -- The smile -- The ultimate city -- The dead time -- The index -- The intensive care unit --                  Theatre of war -- Having a wonderful time -- One afternoon at Utah Beach -- Zodiac 2000 -- Motel architecture --                  A host of furious fancies -- News from the sun -- Memories of the space age -- Myths of the near future --                  Report on an unidentified space station -- The object of the attack -- Answers to a quesionnaire --                  The man who walked on the moon -- The secret history of World War 3 -- Love in a colder climate --                  The enormous space -- The largest theme park in the world -- War fever -- Dream cargoes --                  A guide to virtual death -- The message from Mars -- Report from an obscure planet --                  New stories for the American edition -- The secret autobiography of J.G.B. -- The dying fall.$tIntroduction /$rby Martin Amis --$gAuthor's introduction --$tPrima belladonna --$tEscapement --$tThe concentration city --$tVenus smiles --$tManhole 69 --$tTrack 12 --$tThe waiting grounds --$tNow : zero --$tThe sound-sweep --$tZone of terror --$tChronopolis --$tThe voices of time --$tThe last world of Mr. Goddard --$tStudio 5, the stars --$tDeep end --$tThe overloaded man --$tMr. F is Mr. F --$tBillenium --$tThe gentle assassin --$tThe insane ones --$tThe garden of time --$tThe thousand dreams of Stellavista --$tThirteen to Centaurus --$tPassport to eternity --$tThe cage of sand --$tThe watch-towers --$tThe singing statues --$tThe man on the 99th floor --$tThe subliminal man --$tThe reptile enclosure --$tA question of re-entry --$tThe time-tombs --$tNow wakes the sea --$tThe Venus hunters --$tEnd-game --$tMinus one --$tThe sudden afternoon --$tThe screen game --$tTime of passage --$tPrisoner of the coral deep --$tThe lost Leonardo --$tThe terminal beach --$tThe illuminated man --$tThe delta at sunset --$tThe drowned giant --$tThe Gioconda of the twilight noon --$tThe volcano dances --$tThe beach murders --$tThe day of forever --$tThe impossible man --$tStorm-bird, storm-dreamer --$tTomorrow is a million years --$tThe assassination of John Fitzgerald Kennedy considered as a downhill motor race --$tCry hope, cry fury! --$tThe recognition --$tThe cloud-sculptors of Coral D --$tWhy I want to fuck Ronald Reagan --$tThe dead astronaut --$tThe Comsat angels --$tThe killing ground --$tA place and a time to die --$tSay goodbye to the wind --$tThe greatest television show on earth --$tMy dream of flying to Wake Island --$tThe air disaster --$tLow-flying aircraft --$tThe life and death of God --$tNotes towards a mental breakdown --$tThe 60 minute zoom --$tThe smile --$tThe ultimate city --$tThe dead time --$tThe index --$tThe intensive care unit --$tTheatre of war --$tHaving a wonderful time --$tOne afternoon at Utah Beach --$tZodiac 2000 --$tMotel architecture --$tA host of furious fancies --$tNews from the sun --$tMemories of the space age --$tMyths of the near future --$tReport on an unidentified space station --$tThe object of the attack --$tAnswers to a quesionnaire --$tThe man who walked on the moon --$tThe secret history of World War 3 --$tLove in a colder climate --$tThe enormous space --$tThe largest theme park in the world --$tWar fever --$tDream cargoes --$tA guide to virtual death --$tThe message from Mars --$tReport from an obscure planet --$tNew stories for the American edition --$tThe secret autobiography of J.G.B. --$tThe dying fall.
=651  \0$aGreat Britain$xSocial life and customs$y20th century$vFiction.
=700  0\$aMartin Amis$4aui
=700  \1$aBallard, J. G.$d1930-2009$4aui$1http://viaf.org/viaf/9842556
=700  \2$aBallard, J. G.$d1930-2009$kShort story$tA guide to virtual death$1http://www.isfdb.org/cgi-bin/title.cgi?46817
=700  \2$aBallard, J. G.$d1930-2009$kShort story$tA host of furious fancies$1http://www.isfdb.org/cgi-bin/title.cgi?57591
=700  \2$aBallard, J. G.$d1930-2009$kShort story$tA place and a time to die$1http://www.isfdb.org/cgi-bin/title.cgi?57615
=700  \2$aBallard, J. G.$d1930-2009$kShort story$tA question of re-entry$1http://www.isfdb.org/cgi-bin/title.cgi?44460
=700  \2$aBallard, J. G.$d1930-2009$kShort story$tAnswers to a quesionnaire$1http://www.isfdb.org/cgi-bin/title.cgi?57577
=700  \2$aBallard, J. G.$d1930-2009$kShort story$tBillenium$1http://www.isfdb.org/cgi-bin/title.cgi?65075
=700  \2$aBallard, J. G.$d1930-2009$kShort story$tChronopolis$1http://www.isfdb.org/cgi-bin/title.cgi?41557
=700  \2$aBallard, J. G.$d1930-2009$kShort story$tCry hope, cry fury!$1http://www.isfdb.org/cgi-bin/title.cgi?53869
=700  \2$aBallard, J. G.$d1930-2009$kShort story$tDeep end$1http://www.isfdb.org/cgi-bin/title.cgi?44457
=700  \2$aBallard, J. G.$d1930-2009$kShort story$tDream cargoes$1http://www.isfdb.org/cgi-bin/title.cgi?57585
=700  \2$aBallard, J. G.$d1930-2009$kShort story$tEnd-game$1http://www.isfdb.org/cgi-bin/title.cgi?57586
=700  \2$aBallard, J. G.$d1930-2009$kShort story$tEscapement$1http://www.isfdb.org/cgi-bin/title.cgi?44449
=700  \2$aBallard, J. G.$d1930-2009$kShort story$tHaving a wonderful time$1http://www.isfdb.org/cgi-bin/title.cgi?57590
=700  \2$aBallard, J. G.$d1930-2009$kShort story$tLove in a colder climate$1http://www.isfdb.org/cgi-bin/title.cgi?57601
=700  \2$aBallard, J. G.$d1930-2009$kShort story$tLow-flying aircraft$1http://www.isfdb.org/cgi-bin/title.cgi?57602
=700  \2$aBallard, J. G.$d1930-2009$kShort story$tManhole 69$1http://www.isfdb.org/cgi-bin/title.cgi?44454
=700  \2$aBallard, J. G.$d1930-2009$kShort story$tMemories of the space age$1http://www.isfdb.org/cgi-bin/title.cgi?45330
=700  \2$aBallard, J. G.$d1930-2009$kShort story$tMinus one$1http://www.isfdb.org/cgi-bin/title.cgi?57604
=700  \2$aBallard, J. G.$d1930-2009$kShort story$tMotel architecture$1http://www.isfdb.org/cgi-bin/title.cgi?57605
=700  \2$aBallard, J. G.$d1930-2009$kShort story$tMr. F is Mr. F$1http://www.isfdb.org/cgi-bin/title.cgi?57606
=700  \2$aBallard, J. G.$d1930-2009$kShort story$tMy dream of flying to Wake Island$1http://www.isfdb.org/cgi-bin/title.cgi?57607
=700  \2$aBallard, J. G.$d1930-2009$kShort story$tMyths of the near future$1http://www.isfdb.org/cgi-bin/title.cgi?49122
=700  \2$aBallard, J. G.$d1930-2009$kShort story$tNews from the sun$1http://www.isfdb.org/cgi-bin/title.cgi?57608
=700  \2$aBallard, J. G.$d1930-2009$kShort story$tNotes towards a mental breakdown$1http://www.isfdb.org/cgi-bin/title.cgi?57609$1http://www.isfdb.org/cgi-bin/title.cgi?1042004
=700  \2$aBallard, J. G.$d1930-2009$kShort story$tNow : zero$1http://www.isfdb.org/cgi-bin/title.cgi?57611
=700  \2$aBallard, J. G.$d1930-2009$kShort story$tNow wakes the sea$1http://www.isfdb.org/cgi-bin/title.cgi?57610
=700  \2$aBallard, J. G.$d1930-2009$kShort story$tOne afternoon at Utah Beach$1http://www.isfdb.org/cgi-bin/title.cgi?57612
=700  \2$aBallard, J. G.$d1930-2009$kShort story$tPassport to eternity$1http://www.isfdb.org/cgi-bin/title.cgi?57614
=700  \2$aBallard, J. G.$d1930-2009$kShort story$tPrima belladonna$1http://www.isfdb.org/cgi-bin/title.cgi?44450
=700  \2$aBallard, J. G.$d1930-2009$kShort story$tPrisoner of the coral deep$1http://www.isfdb.org/cgi-bin/title.cgi?57617
=700  \2$aBallard, J. G.$d1930-2009$kShort story$tReport from an obscure planet$1http://www.isfdb.org/cgi-bin/title.cgi?1042032
=700  \2$aBallard, J. G.$d1930-2009$kShort story$tReport on an unidentified space station$1http://www.isfdb.org/cgi-bin/title.cgi?57618
=700  \2$aBallard, J. G.$d1930-2009$kShort story$tSay goodbye to the wind$1http://www.isfdb.org/cgi-bin/title.cgi?57621
=700  \2$aBallard, J. G.$d1930-2009$kShort story$tStorm-bird, storm-dreamer$1http://www.isfdb.org/cgi-bin/title.cgi?57625
=700  \2$aBallard, J. G.$d1930-2009$kShort story$tStudio 5, the stars$1http://www.isfdb.org/cgi-bin/title.cgi?44456
=700  \2$aBallard, J. G.$d1930-2009$kShort story$tThe 60 minute zoom$1http://www.isfdb.org/cgi-bin/title.cgi?57575
=700  \2$aBallard, J. G.$d1930-2009$kShort story$tThe air disaster$1http://www.isfdb.org/cgi-bin/title.cgi?44463
=700  \2$aBallard, J. G.$d1930-2009$kShort story$tThe assassination of John Fitzgerald Kennedy considered as a downhill motor race$1http://www.isfdb.org/cgi-bin/title.cgi?57579
=700  \2$aBallard, J. G.$d1930-2009$kShort story$tThe beach murders$1http://www.isfdb.org/cgi-bin/title.cgi?57581
=700  \2$aBallard, J. G.$d1930-2009$kShort story$tThe cage of sand$1http://www.isfdb.org/cgi-bin/title.cgi?44123
=700  \2$aBallard, J. G.$d1930-2009$kShort story$tThe cloud-sculptors of Coral D$1http://www.isfdb.org/cgi-bin/title.cgi?54044
=700  \2$aBallard, J. G.$d1930-2009$kShort story$tThe Comsat angels$1http://www.isfdb.org/cgi-bin/title.cgi?54304
=700  \2$aBallard, J. G.$d1930-2009$kShort story$tThe concentration city$1http://www.isfdb.org/cgi-bin/title.cgi?44451
=700  \2$aBallard, J. G.$d1930-2009$kShort story$tThe day of forever$1http://www.isfdb.org/cgi-bin/title.cgi?57582
=700  \2$aBallard, J. G.$d1930-2009$kShort story$tThe dead astronaut$1http://www.isfdb.org/cgi-bin/title.cgi?57583
=700  \2$aBallard, J. G.$d1930-2009$kShort story$tThe dead time$1http://www.isfdb.org/cgi-bin/title.cgi?44465
=700  \2$aBallard, J. G.$d1930-2009$kShort story$tThe delta at sunset$1http://www.isfdb.org/cgi-bin/title.cgi?57584
=700  \2$aBallard, J. G.$d1930-2009$kShort story$tThe drowned giant$1http://www.isfdb.org/cgi-bin/title.cgi?43949
=700  \2$aBallard, J. G.$d1930-2009$kShort story$tThe dying fall$1http://www.isfdb.org/cgi-bin/title.cgi?47004
=700  \2$aBallard, J. G.$d1930-2009$kShort story$tThe enormous space$1http://www.isfdb.org/cgi-bin/title.cgi?46600
=700  \2$aBallard, J. G.$d1930-2009$kShort story$tThe garden of time$1http://www.isfdb.org/cgi-bin/title.cgi?44458
=700  \2$aBallard, J. G.$d1930-2009$kShort story$tThe gentle assassin$1http://www.isfdb.org/cgi-bin/title.cgi?57587
=700  \2$aBallard, J. G.$d1930-2009$kShort story$tThe Gioconda of the twilight noon$1http://www.isfdb.org/cgi-bin/title.cgi?57588
=700  \2$aBallard, J. G.$d1930-2009$kShort story$tThe greatest television show on earth$1http://www.isfdb.org/cgi-bin/title.cgi?57589
=700  \2$aBallard, J. G.$d1930-2009$kShort story$tThe illuminated man$1http://www.isfdb.org/cgi-bin/title.cgi?57592
=700  \2$aBallard, J. G.$d1930-2009$kShort story$tThe impossible man$1http://www.isfdb.org/cgi-bin/title.cgi?57593
=700  \2$aBallard, J. G.$d1930-2009$kShort story$tThe index$1http://www.isfdb.org/cgi-bin/title.cgi?57594
=700  \2$aBallard, J. G.$d1930-2009$kShort story$tThe insane ones$1http://www.isfdb.org/cgi-bin/title.cgi?41280
=700  \2$aBallard, J. G.$d1930-2009$kShort story$tThe intensive care unit$1http://www.isfdb.org/cgi-bin/title.cgi?57595
=700  \2$aBallard, J. G.$d1930-2009$kShort story$tThe killing ground$1http://www.isfdb.org/cgi-bin/title.cgi?57596
=700  \2$aBallard, J. G.$d1930-2009$kShort story$tThe largest theme park in the world$1http://www.isfdb.org/cgi-bin/title.cgi?57597
=700  \2$aBallard, J. G.$d1930-2009$kShort story$tThe last world of Mr. Goddard$1http://www.isfdb.org/cgi-bin/title.cgi?57598
=700  \2$aBallard, J. G.$d1930-2009$kShort story$tThe life and death of God$1http://www.isfdb.org/cgi-bin/title.cgi?57599
=700  \2$aBallard, J. G.$d1930-2009$kShort story$tThe lost Leonardo$1http://www.isfdb.org/cgi-bin/title.cgi?57600
=700  \2$aBallard, J. G.$d1930-2009$kShort story$tThe man on the 99th floor$1http://www.isfdb.org/cgi-bin/title.cgi?57603
=700  \2$aBallard, J. G.$d1930-2009$kShort story$tThe man who walked on the moon$1http://www.isfdb.org/cgi-bin/title.cgi?46455
=700  \2$aBallard, J. G.$d1930-2009$kShort story$tThe message from Mars$1http://www.isfdb.org/cgi-bin/title.cgi?46818
=700  \2$aBallard, J. G.$d1930-2009$kShort story$tThe object of the attack$1http://www.isfdb.org/cgi-bin/title.cgi?45331
=700  \2$aBallard, J. G.$d1930-2009$kShort story$tThe overloaded man$1http://www.isfdb.org/cgi-bin/title.cgi?57613
=700  \2$aBallard, J. G.$d1930-2009$kShort story$tThe recognition$1http://www.isfdb.org/cgi-bin/title.cgi?42206
=700  \2$aBallard, J. G.$d1930-2009$kShort story$tThe reptile enclosure$1http://www.isfdb.org/cgi-bin/title.cgi?57619
=700  \2$aBallard, J. G.$d1930-2009$kShort story$tThe screen game$1http://www.isfdb.org/cgi-bin/title.cgi?57622
=700  \2$aBallard, J. G.$d1930-2009$kShort story$tThe secret autobiography of J.G.B.$1http://www.isfdb.org/cgi-bin/title.cgi?47005
=700  \2$aBallard, J. G.$d1930-2009$kShort story$tThe secret history of World War 3$1http://www.isfdb.org/cgi-bin/title.cgi?57623
=700  \2$aBallard, J. G.$d1930-2009$kShort story$tThe singing statues$1http://www.isfdb.org/cgi-bin/title.cgi?57624
=700  \2$aBallard, J. G.$d1930-2009$kShort story$tThe smile$1http://www.isfdb.org/cgi-bin/title.cgi?44464
=700  \2$aBallard, J. G.$d1930-2009$kShort story$tThe sound-sweep$1http://www.isfdb.org/cgi-bin/title.cgi?44514
=700  \2$aBallard, J. G.$d1930-2009$kShort story$tThe subliminal man$1http://www.isfdb.org/cgi-bin/title.cgi?44459
=700  \2$aBallard, J. G.$d1930-2009$kShort story$tThe sudden afternoon$1http://www.isfdb.org/cgi-bin/title.cgi?57626
=700  \2$aBallard, J. G.$d1930-2009$kShort story$tThe terminal beach$1http://www.isfdb.org/cgi-bin/title.cgi?37126
=700  \2$aBallard, J. G.$d1930-2009$kShort story$tThe thousand dreams of Stellavista$1http://www.isfdb.org/cgi-bin/title.cgi?57629
=700  \2$aBallard, J. G.$d1930-2009$kShort story$tThe time-tombs$1http://www.isfdb.org/cgi-bin/title.cgi?44461
=700  \2$aBallard, J. G.$d1930-2009$kShort story$tThe ultimate city$1http://www.isfdb.org/cgi-bin/title.cgi?44466
=700  \2$aBallard, J. G.$d1930-2009$kShort story$tThe Venus hunters$1http://www.isfdb.org/cgi-bin/title.cgi?57633
=700  \2$aBallard, J. G.$d1930-2009$kShort story$tThe voices of time$1http://viaf.org/viaf/311471559
=700  \2$aBallard, J. G.$d1930-2009$kShort story$tThe volcano dances$1http://www.isfdb.org/cgi-bin/title.cgi?43928
=700  \2$aBallard, J. G.$d1930-2009$kShort story$tThe waiting grounds$1http://www.isfdb.org/cgi-bin/title.cgi?44455
=700  \2$aBallard, J. G.$d1930-2009$kShort story$tThe watch-towers$1http://www.isfdb.org/cgi-bin/title.cgi?57635
=700  \2$aBallard, J. G.$d1930-2009$kShort story$tTheatre of war$1http://www.isfdb.org/cgi-bin/title.cgi?57627
=700  \2$aBallard, J. G.$d1930-2009$kShort story$tThirteen to Centaurus$1http://www.isfdb.org/cgi-bin/title.cgi?57628
=700  \2$aBallard, J. G.$d1930-2009$kShort story$tTime of passage$1http://www.isfdb.org/cgi-bin/title.cgi?57630
=700  \2$aBallard, J. G.$d1930-2009$kShort story$tTomorrow is a million years$1http://www.isfdb.org/cgi-bin/title.cgi?57631
=700  \2$aBallard, J. G.$d1930-2009$kShort story$tTrack 12$1http://www.isfdb.org/cgi-bin/title.cgi?57632
=700  \2$aBallard, J. G.$d1930-2009$kShort story$tVenus smiles$1http://www.isfdb.org/cgi-bin/title.cgi?54219
=700  \2$aBallard, J. G.$d1930-2009$kShort story$tWar fever$1http://www.isfdb.org/cgi-bin/title.cgi?48153
=700  \2$aBallard, J. G.$d1930-2009$kShort story$tWhy I want to fuck Ronald Reagan$1http://www.isfdb.org/cgi-bin/title.cgi?1274485
=700  \2$aBallard, J. G.$d1930-2009$kShort story$tZodiac 2000$1http://www.isfdb.org/cgi-bin/title.cgi?57636
=700  \2$aBallard, J. G.$d1930-2009$kShort story$tZone of terror$1http://www.isfdb.org/cgi-bin/title.cgi?57637

