=LDR  03247cam a2200469   4500
=001  1264899
=003  LC
=005  20160216102241.0
=008  710901s1971\\\\nyu\\\\\\\\\\\000\1\eng\\
=010  \\$a   74163404 
=035  \\$9(DLC)   74163404
=040  \\$aDLC$cDLC$dDLC
=050  00$aPZ4.B1893$bCh$aPR6052.A46
=082  00$a823/.9/14
=100  1\$aBallard, J. G.$d1930-2009$1http://viaf.org/viaf/9842556$4http://rdaregistry.info/Elements/w/object/P10061
=240  00$aChronopolis, and other stories$kCollection$1http://www.wikidata.org/entity/Q5114250
=245  10$aChronopolis$band other stories,$cby J. G. Ballard.
=260  \\$aNew York,$bPutnam$c[1971]
=300  \\$a319 pages$c21 cm.
=336  \\$atext$2rdacontent$0http://rdaregistry.info/termList/RDAContentType/1020
=337  \\$aunmediated$2rdamedia$0http://rdaregistry.info/termList/RDAMediaType/1007
=338  \\$avolume$2rdacarrier$0http://rdaregistry.info/termList/RDACarrierType/1049
=380  \\$aSpråkbasert verk$1https://schema.nb.no/Bibliographic/Values/V1000
=350  \\$a{dollar}6.95
=505  0\$aThe voices of time -- The drowned giant  -- The terminal beach -- Manhole 69 -- Storm-bird, storm-dreamer -- The sound-sweep -- Millenium -- Chronopolis -- Build-up -- The garden of time -- End game -- The watchtowers -- Now wakes the sea -- Zone of terror -- The cage of sand -- Deep end.
=650  \0$aScience fiction, English.
=700  \2$aBallard, J. G.$d1930-2009$kShort story$tThe voices of time$1http://viaf.org/viaf/311471559
=700  \2$aBallard, J. G.$d1930-2009$kShort story$tThe drowned giant$1http://www.isfdb.org/cgi-bin/title.cgi?43949
=700  \2$aBallard, J. G.$d1930-2009$kShort story$tThe terminal beach$1http://www.isfdb.org/cgi-bin/title.cgi?37126
=700  \2$aBallard, J. G.$d1930-2009$kShort story$tManhole 69$1http://www.isfdb.org/cgi-bin/title.cgi?44454
=700  \2$aBallard, J. G.$d1930-2009$kShort story$tStorm-bird, storm-dreamer$1http://www.isfdb.org/cgi-bin/title.cgi?57625
=700  \2$aBallard, J. G.$d1930-2009$tThe sound-sweep$kShort story$1http://www.isfdb.org/cgi-bin/title.cgi?44514
=700  \2$aBallard, J. G.$d1930-2009$kShort story$tBillenium$1http://www.isfdb.org/cgi-bin/title.cgi?65075
=700  \2$aBallard, J. G.$d1930-2009$kShort story$tChronopolis$1http://www.isfdb.org/cgi-bin/title.cgi?41557
=700  \2$aBallard, J. G.$d1930-2009$kShort story$tBuild-up$1http://www.isfdb.org/cgi-bin/title.cgi?44451
=700  \2$aBallard, J. G.$d1930-2009$kShort story$tThe garden of time$1http://www.isfdb.org/cgi-bin/title.cgi?44458
=700  \2$aBallard, J. G.$d1930-2009$kShort story$tEnd game$1http://www.isfdb.org/cgi-bin/title.cgi?57586
=700  \2$aBallard, J. G.$d1930-2009$kShort story$tThe watchtowers$1http://www.isfdb.org/cgi-bin/title.cgi?57635
=700  \2$aBallard, J. G.$d1930-2009$kShort story$tNow wakes the sea$1http://www.isfdb.org/cgi-bin/title.cgi?57610
=700  \2$aBallard, J. G.$d1930-2009$kShort story$tZone of terror$1http://www.isfdb.org/cgi-bin/title.cgi?57637
=700  \2$aBallard, J. G.$d1930-2009$kShort story$tThe cage of sand$1http://www.isfdb.org/cgi-bin/title.cgi?44123
=700  \2$aBallard, J. G.$d1930-2009$kShort story$tDeep end$1http://www.isfdb.org/cgi-bin/title.cgi?44457

