=LDR  02186caa a22003014i 4500
=001  009145814
=003  FI-MELINDA
=005  20210128125645.0
=008  960124s1987\\\\xx\||||||||||\||||||||||c
=041  \\$aeng
=100  1\$aBallard, J. G.$1http://viaf.org/viaf/9842556$4http://rdaregistry.info/Elements/w/object/P10061
=240  00$aMemories of the space age$kCollection$1http://www.wikidata.org/entity/Q6815642
=245  00$aMemories of the space age.
=264  \1$aLondon; New York$bPenguin$c1988
=336  \\$atekst$0http://rdaregistry.info/termList/RDAContentType/1020
=337  \\$auformidlet$0http://rdaregistry.info/termList/RDAMediaType/1007
=338  \\$abind$0http://rdaregistry.info/termList/RDACarrierType/1049
=380  \\$aSpråkbasert verk$1https://schema.nb.no/Bibliographic/Values/V1000
=505  \\$aThe Cage of Sand -- A Question of Re-entry -- The Dead Astronaut -- My Dream of Flying to Wake Island -- News from the Sun -- Memories of the Space Age -- Myths of the Near Future -- The Man Who Walked on the Moon
=700  \2$aBallard, J. G.$d1930-2009$kShort story$tThe Cage of Sand$1http://www.isfdb.org/cgi-bin/title.cgi?44123
=700  \2$aBallard, J. G.$d1930-2009$kShort story$tA Question of Re-entry$1http://www.isfdb.org/cgi-bin/title.cgi?44460
=700  \2$aBallard, J. G.$d1930-2009$kShort story$tThe Dead Astronaut$1http://www.isfdb.org/cgi-bin/title.cgi?57583
=700  \2$aBallard, J. G.$d1930-2009$kShort story$tMy Dream of Flying to Wake Island$1http://www.isfdb.org/cgi-bin/title.cgi?57607
=700  \2$aBallard, J. G.$d1930-2009$kShort story$tNews from the Sun$1http://www.isfdb.org/cgi-bin/title.cgi?57608
=700  \2$aBallard, J. G.$d1930-2009$kShort story$tMemories of the Space Age$1http://www.isfdb.org/cgi-bin/title.cgi?45330
=700  \2$aBallard, J. G.$d1930-2009$kShort story$tMyths of the Near Future$1http://www.isfdb.org/cgi-bin/title.cgi?49122
=700  \2$aBallard, J. G.$d1930-2009$kShort story$tThe Man Who Walked on the Moon$1http://www.isfdb.org/cgi-bin/title.cgi?46455
=773  0\$7nnam$w(FI-MELINDA)000013510$tThe Penguin book of modern British short stories. -$b[New ed.]. -$dLondon ; New York : Penguin, 1988. -$z0-14-006306-4

