=LDR  02459cam a2200409 i 4500
=001  016659370
=003  Uk
=005  20140407133620.0
=008  880418s1988\\\\wiua\\\\\\\\\|0|0\1|eng\\
=010  \\$a88015075
=020  \\$a0870541579 (alk. paper)
=040  \\$aDLC$beng$cDLC$dDLC$dUk$erda
=042  \\$aukblsr
=050  00$aPR6052.A46$bM46 1988
=082  00$a823/.914$219
=100  1\$aBallard, J. G.$d1930-2009$eauthor$1http://viaf.org/viaf/9842556$4http://rdaregistry.info/Elements/w/object/P10061
=240  00$aMemories of the space age$kCollection$1http://www.wikidata.org/entity/Q6815642
=245  10$aMemories of the space age /$cJ.G. Ballard ; artwork by Jeffrey K. Potter.
=250  \\$aFirst edition.
=264  \1$aSauk City, Wisconson :$bArkham House Publishers, Incorporated,$c[1988]
=300  \\$a216 pages :$billustrations (black and white) ;$c21 cm
=336  \\$atekst$0http://rdaregistry.info/termList/RDAContentType/1020
=337  \\$auformidlet$0http://rdaregistry.info/termList/RDAMediaType/1007
=338  \\$abind$0http://rdaregistry.info/termList/RDACarrierType/1049
=380  \\$aSpråkbasert verk$1https://schema.nb.no/Bibliographic/Values/V1000
=700  \2$aBallard, J. G.$d1930-2009$tThe Cage of Sand$1http://www.isfdb.org/cgi-bin/title.cgi?44123
=700  \2$aBallard, J. G.$d1930-2009$tA Question of re-entry$1http://www.isfdb.org/cgi-bin/title.cgi?44460
=700  \2$aBallard, J. G.$d1930-2009$tThe dead astronaut$1http://www.isfdb.org/cgi-bin/title.cgi?57583
=700  \2$aBallard, J. G.$d1930-2009$tMy dream of flying to wake island$1http://www.isfdb.org/cgi-bin/title.cgi?57607
=700  \2$aBallard, J. G.$d1930-2009$tNews from the sun$1http://www.isfdb.org/cgi-bin/title.cgi?57608
=700  \2$aBallard, J. G.$d1930-2009$tMemories of the space age$1http://www.isfdb.org/cgi-bin/title.cgi?45330
=700  \2$aBallard, J. G.$d1930-2009$tMyths of the near future$1http://www.isfdb.org/cgi-bin/title.cgi?49122
=700  \2$aBallard, J. G.$d1930-2009$tThe Man Who Walked on the Moon$1http://www.isfdb.org/cgi-bin/title.cgi?46455
=500  \\$aEight stories originally published between 1962 and 1985.
=505  0\$aThe cage of sand -- A question of re-entry -- The dead astronaut -- My dream of flying to Wake Island -- News from the sun -- Memories of the space age -- Myths of the near future -- The man who walked on the moon.
=650  \0$aScience fiction, English.
=700  1\$aPotter, J. K.$eillustrator$4ill

