=LDR  02615 am a2200421ui 4500
=001  010705360
=003  UK
=005  20160601115100.0
=008  780904r19781976enk\\\\||\\\\\000\j|eng\\
=015  \\$aGB7828931$2bnb
=019  1\$a0586045031
=019  9\$a0586045031
=019  y\$aB7828931
=020  \\$a0586045031 (pbk) :$c£0.75
=040  \\$aUk$cUk
=082  04$a823/.9/1$218
=100  1\$aBallard, J. G.$d1930-2009$1http://viaf.org/viaf/9842556$4http://rdaregistry.info/Elements/w/object/P10061
=240  00$aLow-flying aircraft, and other stories$kCollection$1http://www.wikidata.org/entity/Q6692707
=245  10$aLow-flying aircraft, and other stories /$cJ.G. Ballard.
=260  \\$aSt Albans :$bTriad,$c1978.
=300  \\$a191p. ;$c18cm.
=336  \\$atext$2rdacontent$0http://rdaregistry.info/termList/RDAContentType/1020
=337  \\$aunmediated$2rdamedia$0http://rdaregistry.info/termList/RDAMediaType/1007
=338  \\$avolume$2rdacarrier$0http://rdaregistry.info/termList/RDACarrierType/1049
=380  \\$aShort story
=500  \\$aThis collection originally published: London : Cape, 1976.
=650  \0$aShort stories, English.
=653  \\$aShort stories in English$a1900-$aTexts
=505  \\$aThe ultimate city -- Low-flying aircraft -- The dead astronaut --                  My dream of flying to Wake Island -- The life and death of God -- The greatest television show on earth --                  A place and a time to die -- The Comsat angels -- The beach murders
=700  \2$aBallard, J. G.$d1930-2009$kShort story$tThe ultimate city$1http://www.isfdb.org/cgi-bin/title.cgi?44466
=700  \2$aBallard, J. G.$d1930-2009$kShort story$tLow-flying aircraft$1http://www.isfdb.org/cgi-bin/title.cgi?57602
=700  \2$aBallard, J. G.$d1930-2009$kShort story$tThe dead astronaut$1http://www.isfdb.org/cgi-bin/title.cgi?57583
=700  \2$aBallard, J. G.$d1930-2009$kShort story$tMy dream of flying to Wake Island$1http://www.isfdb.org/cgi-bin/title.cgi?57607
=700  \2$aBallard, J. G.$d1930-2009$kShort story$tThe life and death of God$1http://www.isfdb.org/cgi-bin/title.cgi?57599
=700  \2$aBallard, J. G.$d1930-2009$kShort story$tThe greatest television show on earth$1http://www.isfdb.org/cgi-bin/title.cgi?57589
=700  \2$aBallard, J. G.$d1930-2009$kShort story$tA place and a time to die$1http://www.isfdb.org/cgi-bin/title.cgi?57615
=700  \2$aBallard, J. G.$d1930-2009$kShort story$tThe Comsat angels$1http://www.isfdb.org/cgi-bin/title.cgi?54304
=700  \2$aBallard, J. G.$d1930-2009$kShort story$tThe beach murders$1http://www.isfdb.org/cgi-bin/title.cgi?57581

