=LDR  02566 am a2200385uu 4500
=001  009937949
=003  UK
=005  20181221190800.0
=008  020122s1967\\\\xxk\\\\||\\\\\000\1|eng\\
=015  \\$aGB6717647$2bnb
=019  1\$adef400714
=019  9\$ab6717647
=019  y\$aB6717647
=040  \\$aUk$cUk
=082  04$a823.91$218
=100  1\$aBallard, J. G.$d1930-2009$1http://viaf.org/viaf/9842556$4http://rdaregistry.info/Elements/w/object/P10061
=240  00$aThe day of forever$kCollection$1http://viaf.org/viaf/307992426
=245  14$aThe day of forever.
=264  \1$bPanther,$c1967.
=300  \\$a141 pages ;$c18 cm
=336  \\$atext$2rdacontent$0http://rdaregistry.info/termList/RDAContentType/1020
=337  \\$aunmediated$2rdamedia$0http://rdaregistry.info/termList/RDAMediaType/1007
=338  \\$avolume$2rdacarrier$0http://rdaregistry.info/termList/RDACarrierType/1049
=380  \\$aFiction
=505  \\$aThe Day of Forever -- Prisoner of the Coral Deep -- Tomorrow is a Million Years -- The Man on the 99th Floor --                 The Waiting Grounds -- The Last World of Mr Goddard -- The Gentle Assassin -- The Sudden Afternoon -- The Insane Ones --                  The Assassination of John Fitzgerald Kennedy Considered as a Downhill Motor Race
=700  \2$aBallard, J. G.$d1930-2009$kShort story$tThe day of forever$1http://www.isfdb.org/cgi-bin/title.cgi?57582
=700  \2$aBallard, J. G.$d1930-2009$kShort story$tPrisoner of the coral deep$1http://www.isfdb.org/cgi-bin/title.cgi?57617
=700  \2$aBallard, J. G.$d1930-2009$kShort story$tTomorrow is a million years$1http://www.isfdb.org/cgi-bin/title.cgi?57631
=700  \2$aBallard, J. G.$d1930-2009$kShort story$tThe man on the 99th floor$1http://www.isfdb.org/cgi-bin/title.cgi?57603
=700  \2$aBallard, J. G.$d1930-2009$kShort story$tThe waiting grounds$1http://www.isfdb.org/cgi-bin/title.cgi?44455
=700  \2$aBallard, J. G.$d1930-2009$kShort story$tThe Last World of Mr Goddard$1https://www.isfdb.org/cgi-bin/title.cgi?57598
=700  \2$aBallard, J. G.$d1930-2009$kShort story$tThe gentle assassin$1http://www.isfdb.org/cgi-bin/title.cgi?57587
=700  \2$aBallard, J. G.$d1930-2009$kShort story$tThe sudden afternoon$1http://www.isfdb.org/cgi-bin/title.cgi?57626
=700  \2$aBallard, J. G.$d1930-2009$kShort story$tThe insane ones$1http://www.isfdb.org/cgi-bin/title.cgi?41280
=700  \2$aBallard, J. G.$d1930-2009$kShort story$tThe assassination of John Fitzgerald Kennedy considered as a downhill motor race$1http://www.isfdb.org/cgi-bin/title.cgi?57579

