=LDR  02766 am a2200433ua 4500
=001  010705075
=003  UK
=005  20160601115100.0
=008  850819r19851967enk\\\\||\\\\\000\j|eng\\
=015  \\$aGB8527359$2bnb
=019  1\$a0586023070
=019  9\$a0586023070
=019  y\$ab8527359
=020  \\$a0586023070 (pbk) :$c£2.50
=039  0\$a1854
=040  \\$aUk$cUk
=082  04$a823/.914$219
=100  1\$aBallard, J. G.$d1930-2009$1http://viaf.org/viaf/9842556$4http://rdaregistry.info/Elements/w/object/P10061
=240  00$aThe day of forever$kCollection$1http://viaf.org/viaf/307992426
=245  14$aThe day of forever /$cJ.G. Ballard.
=260  \\$aLondon :$bPanther,$c1967$g(1985 [printing])
=300  \\$a126p. ;$c20cm.
=336  \\$atext$2rdacontent$0http://rdaregistry.info/termList/RDAContentType/1020
=337  \\$aunmediated$2rdamedia$0http://rdaregistry.info/termList/RDAMediaType/1007
=338  \\$avolume$2rdacarrier$0http://rdaregistry.info/termList/RDACarrierType/1049
=380  \\$aShort story
=653  \\$aShort stories in English$a1945-$aTexts
=505  \\$aThe Day of Forever -- Prisoner of the Coral Deep -- Tomorrow is a Million Years -- The Man on the 99th Floor --                 The Waiting Grounds -- The Last World of Mr Goddard -- The Gentle Assassin -- The Sudden Afternoon -- The Insane Ones --                  The Assassination of John Fitzgerald Kennedy Considered as a Downhill Motor Race
=700  \2$aBallard, J. G.$d1930-2009$kShort story$tThe day of forever$1http://www.isfdb.org/cgi-bin/title.cgi?57582
=700  \2$aBallard, J. G.$d1930-2009$kShort story$tPrisoner of the coral deep$1http://www.isfdb.org/cgi-bin/title.cgi?57617
=700  \2$aBallard, J. G.$d1930-2009$kShort story$tTomorrow is a million years$1http://www.isfdb.org/cgi-bin/title.cgi?57631
=700  \2$aBallard, J. G.$d1930-2009$kShort story$tThe man on the 99th floor$1http://www.isfdb.org/cgi-bin/title.cgi?57603
=700  \2$aBallard, J. G.$d1930-2009$kShort story$tThe waiting grounds$1http://www.isfdb.org/cgi-bin/title.cgi?44455
=700  \2$aBallard, J. G.$d1930-2009$kShort story$tThe Last World of Mr Goddard$1https://www.isfdb.org/cgi-bin/title.cgi?57598
=700  \2$aBallard, J. G.$d1930-2009$kShort story$tThe gentle assassin$1http://www.isfdb.org/cgi-bin/title.cgi?57587
=700  \2$aBallard, J. G.$d1930-2009$kShort story$tThe sudden afternoon$1http://www.isfdb.org/cgi-bin/title.cgi?57626
=700  \2$aBallard, J. G.$d1930-2009$kShort story$tThe insane ones$1http://www.isfdb.org/cgi-bin/title.cgi?41280
=700  \2$aBallard, J. G.$d1930-2009$kShort story$tThe assassination of John Fitzgerald Kennedy considered as a downhill motor race$1http://www.isfdb.org/cgi-bin/title.cgi?57579
=866  \0$z[Another copy.]

