=LDR  01434nam a22002295a 4500
=001  017878414
=003  UkOxU
=005  20111101162108.0
=008  111101s1969\\\\enk\\\\\\\\\\\|||\|\eng\d
=240  04$aThe inner landscape$kCollection$1http://example.com/innerlandscape
=245  04$aThe inner landscape /$cMervyn Peake, J. G. Ballard, Brian W. Aldiss.
=260  \\$aLondon :$bAllison and Busby,$c1969.
=336  \\$atekst$0http://rdaregistry.info/termList/RDAContentType/1020
=337  \\$auformidlet$0http://rdaregistry.info/termList/RDAMediaType/1007
=338  \\$abind$0http://rdaregistry.info/termList/RDACarrierType/1049
=380  \\$aSpråkbasert verk$1https://schema.nb.no/Bibliographic/Values/V1000
=505  \\$aDanger, Religion! / Aldiss, Brian W. -- The voices of time / Ballard, J. G. -- Boy in darkness / Peake, Mervyn Laurence$1https://schema.nb.no/Bibliographic/Values/V1000
=700  12$aAldiss, Brian W.$d1925-$1http://viaf.org/viaf/2465493$4http://rdaregistry.info/Elements/w/object/P10061$81/c
=700  12$aAldiss, Brian W.$d1925-$kShort story$tDanger, Religion!$1http://viaf.org/viaf/183421260$81/c
=700  12$aBallard, J. G.$d1930-2009$tThe voices of time$1http://viaf.org/viaf/311471559
=700  1\$aPeake, Mervyn Laurence$d1911-1968$1http://viaf.org/viaf/24606270$4http://rdaregistry.info/Elements/w/object/P10061$82/c
=700  12$aPeake, Mervyn Laurence$d1911-1968$tBoy in darkness$1http://viaf.org/viaf/309308512$82/c

