=LDR  04174nam a22005411  4500
=001  4540466
=003  LC
=005  19681225000000.0
=008  710308s1968\\\\nyu\\\\\\\\\\\000\1\eng\\
=010  \\$a   68026712 
=035  \\$9(DLC)   68026712
=040  \\$aDLC$cDLC$dDLC
=050  00$aPZ1.E39$bFar
=100  1\$aElder, Joseph$1http://viaf.org/viaf/172050597$4edt$4edc$4http://rdaregistry.info/Elements/m/object/P30267
=240  04$aThe farthest reaches$kCollection$1http://viaf.org/viaf/172050597/reaches
=245  14$aThe farthest reaches.$cEdited by Joseph Elder.
=260  \\$aNew York,$bTrident Press$c[1968]
=300  \\$a217 pages$c21 cm.
=336  \\$atext$2rdacontent$0http://rdaregistry.info/termList/RDAContentType/1020
=337  \\$aunmediated$2rdamedia$0http://rdaregistry.info/termList/RDAMediaType/1007
=338  \\$avolume$2rdacarrier$0http://rdaregistry.info/termList/RDACarrierType/1049
=380  \\$aSpråkbasert verk$1https://schema.nb.no/Bibliographic/Values/V1000
=350  \\$a{dollar}4.95
=505  0\$aThe worm that flies, by B. W. Aldiss -- Kyrie, by P. Anderson -- Tomorrow is a million years, by J. G. Ballard -- Pond water, by J. Brunner -- The dance of the changer and the three, by T. Carr -- Crusade, by A. C. Clarke -- Ranging, by J. Jakes -- Mind out of time, by K. Laumer -- The inspector, by J. McKimmey -- To the dark star, by R. Silverberg -- A night in elf hill, by N. Spinrad -- Sulwen's planet, by J. Vance.
=650  \0$aScience fiction.
=700  1\$aAldiss, Brian W.$d1925-$1http://viaf.org/viaf/2465493$4http://rdaregistry.info/Elements/w/object/P10061$81/c
=700  \2$aAldiss, Brian W.$tThe worm that flies$kShort story$1http://www.isfdb.org/cgi-bin/title.cgi?56908$81/c
=700  1\$aAnderson, Poul$d1925-$1http://viaf.org/viaf/12304119$4http://rdaregistry.info/Elements/w/object/P10061$82/c
=700  \2$aAnderson, Poul$tKyrie$kShort story$1http://www.isfdb.org/cgi-bin/title.cgi?41235$82/c
=700  \2$aBallard, J. G.$d1930-2009$tTomorrow is a million years$1http://www.isfdb.org/cgi-bin/title.cgi?57631
=700  1\$aBrunner, John Kilian Houston$d1925-$1http://viaf.org/viaf/103212466$4http://rdaregistry.info/Elements/w/object/P10061$84/c
=700  \2$aBrunner, J.$tPond water$kShort story$1http://www.isfdb.org/cgi-bin/title.cgi?94038$84/c
=700  1\$aCarr, Terry$d1925-$1http://viaf.org/viaf/79304712$4http://rdaregistry.info/Elements/w/object/P10061$85/c
=700  \2$aCarr, Terry$kShort story$tThe dance of the changer and the three$1http://www.isfdb.org/cgi-bin/title.cgi?41516$85/c
=700  1\$aClarke, Arthur C.$d1925-$1http://viaf.org/viaf/27062571$4http://rdaregistry.info/Elements/w/object/P10061$86/c
=700  \2$aClarke, Arthur C.$tCrusade$kShort story$1http://www.isfdb.org/cgi-bin/title.cgi?62005$86/c
=700  1\$aJakes, John Williams$d1925-$1https://isni.org/isni/000000008169370X$4http://rdaregistry.info/Elements/w/object/P10061$87/c
=700  \2$aJakes, J.$tRanging$kShort story$1http://www.isfdb.org/cgi-bin/title.cgi?97138$87/c
=700  1\$aLaumer, K.$1https://isni.org/isni/0000000109520828$4http://rdaregistry.info/Elements/w/object/P10061$88/c
=700  \2$aLaumer, K.$tMind out of time$kShort story$1http://www.isfdb.org/cgi-bin/title.cgi?57905$88/c
=700  1\$aMcKimmey, J.$1https://isni.org/isni/0000000064014891$4http://rdaregistry.info/Elements/w/object/P10061$89/c
=700  \2$aMcKimmey, J.$tThe inspector$kShort story$1http://www.isfdb.org/cgi-bin/title.cgi?97137$89/c
=700  1\$aSilverberg, Robert$1http://viaf.org/viaf/109386240$4http://rdaregistry.info/Elements/w/object/P10061$810/c
=700  \2$aSilverberg, Robert$tTo the dark star$kShort story$1http://www.isfdb.org/cgi-bin/title.cgi?64948$810/c
=700  1\$aSpinrad, Norman$1http://viaf.org/viaf/54154517$4http://rdaregistry.info/Elements/w/object/P10061$811/c
=700  \2$aSpinrad, Norman$tA night in elf hill$kShort story$1http://www.isfdb.org/cgi-bin/title.cgi?71516$811/c
=700  1\$aVance, Jack$1http://viaf.org/viaf/111614127$4http://rdaregistry.info/Elements/w/object/P10061$84/c
=700  \2$aVance, J.$tSulwen's planet$kShort story$1http://www.isfdb.org/cgi-bin/title.cgi?97136

