=LDR  03785cam a22005052i 4500
=001  011691325
=003  UkOxU
=005  20110705083054.0
=008  500101s1977\\\\enk\\\\\\\\\\\000\1\eng\d
=020  \\$a0860079430
=090  \\$aPZ2001.B189$bB4
=092  \\$aD0503362978
=100  1\$aBallard, J. G.$d1930-2009$1http://viaf.org/viaf/9842556$4http://rdaregistry.info/Elements/w/object/P10061
=240  00$aThe best of J. G. Ballard$kCollection$1https://www.isfdb.org/cgi-bin/pl.cgi?35804
=245  14$aThe best of J. G. Ballard /$cJ. G. Ballard.
=260  \\$aLondon :$bFutura Publications Limited,$c1977
=300  \\$a411 pages ;$c18 cm. --
=336  \\$atext$btxt$2rdacontent$0http://rdaregistry.info/termList/RDAContentType/1020
=337  \\$aunmediated$bn$2rdamedia$0http://rdaregistry.info/termList/RDAMediaType/1007
=338  \\$avolume$bnc$2rdacarrier$0http://rdaregistry.info/termList/RDACarrierType/1049
=380  \\$aFiction
=490  1\$aAn Orbit book
=500  \\$aTitle on cover: The best science fiction of J. G. Ballard
=505  \\$aIntroduction (The Best Short Stories of J. G. Ballard) / essay by Anthony Burgess -- The Concentration City --                 Manhole 69 -- The waiting grounds -- The sound sweep -- Chronopolis -- The Overloaded Man -- Billennium -- The insane ones --                 The Garden of Time -- Thirteen to Centaurus -- Passport to eternity -- The Cage of Sand -- A question of re-entry -- The Terminal Beach --                  The day of forever
=700  \2$aBallard, J. G.$d1930-2009$kShort story$tThe concentration city$1http://www.isfdb.org/cgi-bin/title.cgi?44451
=700  \2$aBallard, J. G.$d1930-2009$kShort story$tManhole 69$1http://www.isfdb.org/cgi-bin/title.cgi?44454
=700  \2$aBallard, J. G.$d1930-2009$kShort story$tThe waiting grounds$1http://www.isfdb.org/cgi-bin/title.cgi?44455
=700  02$aBallard, J. G.$d1930-2009$tThe sound sweep$kShort story$1https://www.isfdb.org/cgi-bin/title.cgi?575437
=700  02$aBallard, J. G.$d1930-2009$tChronopolis$kShort story$1http://www.isfdb.org/cgi-bin/title.cgi?41557
=700  12$aBallard, J. G.$d1930-2009$kShort story$tThe voices of time$1http://viaf.org/viaf/311471559
=700  \2$aBallard, J. G.$d1930-2009$kShort story$tThe overloaded man$1http://www.isfdb.org/cgi-bin/title.cgi?57613
=700  \2$aBallard, J. G.$d1930-2009$kShort story$tBillenium$1http://www.isfdb.org/cgi-bin/title.cgi?65075
=700  \2$aBallard, J. G.$d1930-2009$kShort story$tThe insane ones$1http://www.isfdb.org/cgi-bin/title.cgi?41280
=700  12$aBallard, J. G.$d1930-2009$kShort story$tThe garden of time$1http://www.isfdb.org/cgi-bin/title.cgi?44458
=700  12$aBallard, J. G.$d1930-2009$kShort story$tThirteen to Centaurus$1http://www.isfdb.org/cgi-bin/title.cgi?57628
=700  \2$aBallard, J. G.$d1930-2009$kShort story$tThe subliminal man$1http://www.isfdb.org/cgi-bin/title.cgi?44459
=700  \2$aBallard, J. G.$d1930-2009$kShort story$tThe subliminal man$1http://www.isfdb.org/cgi-bin/title.cgi?44459
=700  \2$aBallard, J. G.$d1930-2009$kShort story$tPassport to eternity$1http://www.isfdb.org/cgi-bin/title.cgi?57614
=700  \2$aBallard, J. G.$d1930-2009$kShort story$tThe cage of sand$1http://www.isfdb.org/cgi-bin/title.cgi?44123
=700  \2$aBallard, J. G.$d1930-2009$kShort story$tA Question of Re-entry$1http://www.isfdb.org/cgi-bin/title.cgi?44460
=700  \2$aBallard, J. G.$d1930-2009$kShort story$tThe terminal beach$1http://www.isfdb.org/cgi-bin/title.cgi?37126
=700  \2$aBallard, J. G.$d1930-2009$kShort story$tThe day of forever$1http://www.isfdb.org/cgi-bin/title.cgi?57582
=700  1\$aBurgess, Anthony$4aui$1http://viaf.org/viaf/71388189
=740  4\$aThe best science fiction of J. G. Ballard
=830  \3$aAn Orbit book

