=LDR  04459pam a2200541 a 4500
=001  3962305
=005  20090421105954.0
=008  941018r19951978nyu\\\\\\\\\\\000\1\eng\\
=010  \\$a   94042290 
=020  \\$a0805038760 (alk. paper)
=035  \\$9(DLC)   94042290
=050  00$aPR6052.A46$bA6 1995
=082  00$a823/.914$220
=100  1\$aBallard, J. G.$d1930-2009$1http://viaf.org/viaf/9842556$4http://rdaregistry.info/Elements/w/object/P10061
=240  00$aThe best short stories of J.G. Ballard$kCollection$1https://www.isfdb.org/cgi-bin/pl.cgi?279033
=245  14$aThe best short stories of J.G. Ballard /$cintroduction by Anthony Burgess.
=250  \\$a1st Owl Book ed.
=260  \\$aNew York :$bH. Holt,$c1995.
=300  \\$axiii, 302 p. ;$c23 cm.
=336  \\$atext$btxt$2rdacontent$0http://rdaregistry.info/termList/RDAContentType/1020
=337  \\$aunmediated$bn$2rdamedia$0http://rdaregistry.info/termList/RDAMediaType/1007
=338  \\$avolume$bnc$2rdacarrier$0http://rdaregistry.info/termList/RDACarrierType/1049
=500  \\$a"An Owl book."
=505  \\$aIntroduction (The Best Short Stories of J. G. Ballard) / essay by Anthony Burgess -- The Concentration City --                 Manhole 69 -- Chronopolis -- The Voices of Time -- Deep End -- The Overloaded Man --  Billennium -- The Garden of Time --  Thirteen to Centaurus --                  The Subliminal Man -- The Cage of Sand -- The Drowned Giant -- The Terminal Beach -- The Cloud-Sculptors of Coral D -- The Assassination of John Fitzgerald Kennedy Considered As a Downhill Motor Race --                 The Atrocity Exhibition -- Plan for the Assassination of Jacqueline Kennedy -- Why I Want to Fuck Ronald Reagan 
=700  \2$aBallard, J. G.$d1930-2009$kShort story$tThe concentration city$1http://www.isfdb.org/cgi-bin/title.cgi?44451
=700  \2$aBallard, J. G.$d1930-2009$kShort story$tManhole 69$1http://www.isfdb.org/cgi-bin/title.cgi?44454
=700  02$aBallard, J. G.$d1930-2009$tChronopolis$kShort story$1http://www.isfdb.org/cgi-bin/title.cgi?41557
=700  12$aBallard, J. G.$d1930-2009$kShort story$tThe voices of time$1http://viaf.org/viaf/311471559
=700  \2$aBallard, J. G.$d1930-2009$kShort story$tDeep end$1http://www.isfdb.org/cgi-bin/title.cgi?44457
=700  \2$aBallard, J. G.$d1930-2009$kShort story$tThe overloaded man$1http://www.isfdb.org/cgi-bin/title.cgi?57613
=700  \2$aBallard, J. G.$d1930-2009$kShort story$tBillenium$1http://www.isfdb.org/cgi-bin/title.cgi?65075
=700  12$aBallard, J. G.$d1930-2009$kShort story$tThe garden of time$1http://www.isfdb.org/cgi-bin/title.cgi?44458
=700  12$aBallard, J. G.$d1930-2009$kShort story$tThirteen to Centaurus$1http://www.isfdb.org/cgi-bin/title.cgi?57628
=700  \2$aBallard, J. G.$d1930-2009$kShort story$tThe subliminal man$1http://www.isfdb.org/cgi-bin/title.cgi?44459
=700  \2$aBallard, J. G.$d1930-2009$kShort story$tThe cage of sand$1http://www.isfdb.org/cgi-bin/title.cgi?44123
=700  \2$aBallard, J. G.$d1930-2009$kShort story$tEnd-game$1http://www.isfdb.org/cgi-bin/title.cgi?57586
=700  \2$aBallard, J. G.$d1930-2009$kShort story$tThe drowned giant$1http://www.isfdb.org/cgi-bin/title.cgi?43949
=700  \2$aBallard, J. G.$d1930-2009$kShort story$tThe terminal beach$1http://www.isfdb.org/cgi-bin/title.cgi?37126
=700  \2$aBallard, J. G.$d1930-2009$kShort story$tThe cloud-sculptors of Coral D$1http://www.isfdb.org/cgi-bin/title.cgi?54044
=700  \2$aBallard, J. G.$d1930-2009$kShort story$tThe assassination of John Fitzgerald Kennedy considered as a downhill motor race$1http://www.isfdb.org/cgi-bin/title.cgi?57579
=700  \2$aBallard, J. G.$d1930-2009$kShort story$tThe atrocity exhibition$1https://www.isfdb.org/cgi-bin/title.cgi?57580
=700  \2$aBallard, J. G.$d1930-2009$kShort story$tPlan for the Assassination of Jacqueline Kennedy$1https://www.isfdb.org/cgi-bin/title.cgi?57616
=700  \2$aBallard, J. G.$d1930-2009$kShort story$tWhy I want to fuck Ronald Reagan$1http://www.isfdb.org/cgi-bin/title.cgi?1274485
=700  1\$aBurgess, Anthony$4aui$1http://viaf.org/viaf/71388189
=650  \0$aScience fiction, English.
=856  42$3Contributor biographical information$uhttp://www.loc.gov/catdir/enhancements/fy0667/94042290-b.html
=856  42$3Publisher description$uhttp://www.loc.gov/catdir/enhancements/fy0667/94042290-d.html
=991  \\$bc-GenColl$hPR6052.A46$iA6 1995$p00023606458$tCopy 1$wBOOKS

