=LDR  01618nam a22003371i 4500
=001  016301958
=003  Uk
=005  20150925092428.0
=008  130709s2014\\\\enk\\\\\\\\\\\000|f|eng|d
=015  \\$aGBB5D4649$2bnb
=016  7\$a016301958$2Uk
=020  \\$a9780575103160 (paperback) :$c£18.99
=020  \\$z9781473201941 (ePub ebook) :$cNo price
=040  \\$aStDuBDS$beng$cStDuBDS$erda
=042  \\$aukblsr
=082  04$a823.914$223
=100  1\$aBayley, Barrington J.,$eauthor.$1http://viaf.org/viaf/84181241$4http://rdaregistry.info/Elements/w/object/P10061
=240  00$aBarrington Bayley SF gateway omnibus$kCollection$1http://viaf.org/viaf/84181241/gateway
=245  10$aBarrington Bayley SF gateway omnibus.
=264  \1$aLondon :$bGollancz,$c2014.
=300  \\$ax, 479 pages ;$c24 cm
=336  \\$atext$btxt$2rdacontent$0http://rdaregistry.info/termList/RDAContentType/1020
=337  \\$aunmediated$bn$2rdamedia$0http://rdaregistry.info/termList/RDAMediaType/1007
=338  \\$avolume$bnc$2rdacarrier$0http://rdaregistry.info/termList/RDACarrierType/1049
=500  \\$aIncludes QR codes.
=505  0\$aThe soul of the robot -- The knights of the limits -- The fall of Chronopolis.
=650  \0$aScience fiction, English.
=700  12$aBayley, Barrington J.$kNovel$tFall of Chronopolis.$1https://www.isfdb.org/cgi-bin/title.cgi?4537
=700  12$aBayley, Barrington J.$kNovel$tKnights of the limits.$1https://www.isfdb.org/cgi-bin/title.cgi?37224
=700  12$aBayley, Barrington J.$kNovel$tSoul of the robot.$1https://www.isfdb.org/cgi-bin/title.cgi?4531
=852  41$aBritish Library$bHMNTS$jH.2014/.8958

