=LDR  01163 am a2200289ui 4500
=001  009371738
=005  20091214050800.0
=008  800721r19801979xxc\\\\||\\\\\000\1|eng\\
=015  \\$aGB8016794$2bnb
=019  1\$a0006149081
=019  9\$a0006149081
=019  y\$aB8016794
=020  \\$a0006149081 (pbk) :$c£0.90
=040  \\$aUk$cUk
=082  04$a823/.9/1$218
=100  1\$aBayley, Barrington J.$1http://viaf.org/viaf/84181241$4http://rdaregistry.info/Elements/w/object/P10061
=240  12$aFall of Chronopolis$kNovel$1https://www.isfdb.org/cgi-bin/title.cgi?4537
=245  14$aThe fall of Chronopolis /$cBarrington Bayley.
=260  \\$aGlasgow :$bFontana,$c1980.
=300  \\$a191p. ;$c18cm.
=336  \\$atext$btxt$2rdacontent$0http://rdaregistry.info/termList/RDAContentType/1020
=337  \\$aunmediated$bn$2rdamedia$0http://rdaregistry.info/termList/RDAMediaType/1007
=338  \\$avolume$bnc$2rdacarrier$0http://rdaregistry.info/termList/RDACarrierType/1049
=500  \\$aOriginally published : London : Allison and Busby, 1979.
=650  \0$aFiction in English.
=653  \\$aFiction in English$a1900-$aTexts
=852  41$aBritish Library$bHMNTS$jH.80/452

