=LDR  05513cam a2200469 i 4500
=001  17946229
=005  20180824132005.0
=008  131118s2014\\\\inua\\\\\b\\\\001\0\eng\\
=010  \\$a  2013032058
=020  \\$a9781557536648 (pbk.)
=020  \\$z9781612493015 (epdf)
=020  \\$z9781612493022 (epub)
=040  \\$aDLC$beng$cDLC$erda$dDLC
=042  \\$apcc
=050  00$aZ667$b.R47 2014
=082  00$a025.04$223
=084  \\$aBUS083000$aREF020000$2bisacsh
=100  1\$aRay, Joyce M.$1http://viaf.org/viaf/43347281$4http://rdaregistry.info/Elements/w/object/P10055$8p
=240  10$aResearch data management : practical strategies for information professionals$kCollection$1http://viaf.org/viaf/43347281/researchdatamanagement$8p
=245  00$aResearch data management :$bpractical strategies for information professionals /$cedited by Joyce M. Ray.
=264  \1$aWest Lafayette, Indiana :$bPurdue University Press,$c[2014]
=300  \\$a436 pages :$billustrations ;$c23 cm.
=336  \\$atext$btxt$2rdacontent$0http://rdaregistry.info/termList/RDAContentType/1020
=337  \\$aunmediated$bn$2rdamedia$0http://rdaregistry.info/termList/RDAMediaType/1007
=338  \\$avolume$bnc$2rdacarrier$0http://rdaregistry.info/termList/RDACarrierType/1049
=490  0\$aCharleston insights in library, archival, and information sciences
=504  \\$aIncludes bibliographical references and index.
=505  0\$aThe policy and institutional framework / James L. Mullins -- Data governance : where technology and policy collide / MacKenzie Smith -- The use of life cycle models in developing and supporting data services / Jake Carlson -- Data management assessment and planning tools / Andrew Sallans and Sherry Lake -- Trustworthy data repositories : the value and benefits of auditing and certification / Bernard F. Reilly, Jr. and Marie E. Waltz -- Copyright, open data, and the availability-usability gap : challenges, opportunities, and approaches for libraries / Melissa Levine -- Metadata services / Jenn Riley -- Data citation : principles and practice / Jan Brase, Yvonne Socha, Sarah Callaghan, Christine Borgman, Paul Uhlir, and Bonnie Carroll -- Assimilating digital repositories into the active research process / Tyler Walters -- Partnering to curate and archive social science data / Jared Lyle, George Alter, and Ann Green -- Managing and archiving research data : local repository and Cloud-based practices / Michele Kimpton and Carol Minton Morris -- Chronopolis repository services / David Minor, Brian E. C. Schottlaender, and Ardys Kozbial -- Evaluating a complex project : DataONE / Suzanne Allard -- What to measure? : toward metrics for research data management / Angus Whyte, Laura Molloy, Neil Beagrie, and John Houghton -- An institutional perspective on data curation services : a view from Cornell University / Gail Steinhart -- Purdue University Research Repository : collaborations in data management / D. Scott Brandt -- Data curation for the humanities : perspectives from Rice University / Geneva Henry -- Developing data management services for researchers at the University of Oregon / Brian Westra.
=520  \\$a"It has become increasingly accepted that important digital data must be retained and shared in order to preserve and promote knowledge, advance research in and across all disciplines of scholarly endeavor, and maximize the return on investment of public funds. To meet this challenge, colleges and universities are adding data services to existing infrastructures by drawing on the expertise of information professionals who are already involved in the acquisition, management and preservation of data in their daily jobs. Data services include planning and implementing good data management practices, thereby increasing researchers' ability to compete for grant funding and ensuring that data collections with continuing value are preserved for reuse. This volume provides a framework to guide information professionals in academic libraries, presses, and data centers through the process of managing research data from the planning stages through the life of a grant project and beyond. It illustrates principles of good practice with use-case examples and illuminates promising data service models through case studies of innovative, successful projects and collaborations"--$cProvided by publisher.
=650  \0$aCommunication in learning and scholarship$xTechnological innovations.
=650  \0$aDigital libraries$xManagement.
=650  \0$aElectronic information resources$xManagement.
=650  \0$aInformation storage and retrieval systems.
=650  \0$aInstitutional repositories.
=650  \0$aLibraries and scholars.
=650  \0$aResearch$xInformation services.
=650  \7$aBUSINESS & ECONOMICS / Information Management.$2bisacsh
=650  \7$aREFERENCE / Research.$2bisacsh
=700  \2$aDavid Minor, Brian E. C. Schottlaender, and Ardys Kozbial$kNon-fiction$tChronopolis repository service$1http://viaf.org/viaf/43347281/researchdatamanagement/chronopolis$81/c
=700  \\$aMinor, David$1http://viaf.org/viaf/43347281/researchdatamanagement/chronopolis/1$4http://rdaregistry.info/Elements/w/object/P10061$81/c
=700  \\$aSchottlaender, Brian E. C.$1http://viaf.org/viaf/43347281/researchdatamanagement/chronopolis/2$4http://rdaregistry.info/Elements/w/object/P10061$81/c
=700  \\$aKozbial, Ardys$1http://viaf.org/viaf/43347281/researchdatamanagement/chronopolis/3$4http://rdaregistry.info/Elements/w/object/P10061$81/c

