=LDR  02677cam a2200373 i 4500
=001  18980892
=005  20210210155350.0
=006  m\\\\|o\\d\|\\\\\\
=007  cr_|||||||||||
=008  160219s2016\\\\enk\\\\\ob\\\\001\0\eng\\
=010  \\$a  2016008546
=020  \\$a9781783488025$q(electronic)
=020  \\$z9781783488001$q(cloth ;$qalk. paper)
=040  \\$aDLC$beng$erda$cDLC$dDLC
=042  \\$apcc
=043  \\$ae-uk-en
=050  00$aPN56.A5
=082  00$a303.3/3$223
=100  1\$aBeckman, Frida$eauthor.$4http://rdaregistry.info/Elements/w/object/P10061$1http://viaf.org/viaf/172957858
=240  10$aCulture control critique : allegories of reading the present$kNon-fiction$1http://viaf.org/viaf/172957858/culturecontrolcritique
=245  10$aCulture control critique :$ballegories of reading the present /$cFrida Beckman.
=264  \1$aLondon ;$aNew York :$bRowman & Littlefield International,$c[2016]
=300  \\$a1 online resource.
=336  \\$atext$2rdacontent$0http://rdaregistry.info/termList/RDAContentType/1020
=337  \\$acomputer$2rdamedia$0http://rdaregistry.info/termList/RDAMediaType/1003
=338  \\$aonline resource$2rdacarrier$0http://rdaregistry.info/termList/RDACarrierType/1018
=504  \\$aIncludes bibliographical references and index.
=505  0\$aIntroduction -- Culture, control, critique. Cultural critique from the Frankfurt School until today -- Formalism, allegory, totality. Allegory and representation -- Allegory and the present -- Space, allegory, control. Spatial preoccupations -- Celebrating ruins: The drowned world, The drought, The crystal world -- Filling the gaps: Crash, Concrete island, High rise -- Coming into allegory: Cocaine nights, Super-Cannes, Millennium people, Kingdom come -- Totalities, allegories and revolutions -- Cultural critique and form -- Time, allegory, control. Timely preoccupations -- In and out of time: "Chronopolis" and in time -- Cultural critique and form -- Vision, allegory, control. Visual preoccupations -- bread and circuses: The hunger games -- Cultural critique and form -- Conclusion.
=588  \\$aDescription based on print version record and CIP data provided by publisher.
=650  \0$aAllegories.
=650  \0$aEnglish fiction$y20th century$xHistory and criticism.
=650  \0$aMotion pictures$xPolitical aspects$xHistory and criticism.
=700  12$aBeckman, Frida$tIn and out of time: "Chronopolis" and in time$kNon-fiction$1http://viaf.org/viaf/172957858/culturecontrolcritique/chronopolis
=776  08$iPrint version:$aBeckman, Frida, author.$tCulture control critique$dLondon ; New York : Rowman & Littlefield International, 2016$z9781783488001$w(DLC)  2015047395

