=LDR  02816cjm a2200517 a 4500
=001  17654605
=005  20230712134811.0
=007  sd\fsngnnmmned
=008  130311p20112007launcn|\\efi\\\\\\|\zxx\d
=010  \\$a  2013617394
=024  1\$a044747309125
=028  02$aCRC 3091$bCentaur
=033  2\$a2007----$a2009----
=035  \\$a(OCoLC)ocn727712075
=040  \\$aBTCTA$beng$cBTCTA$dTDF$dCIN$dDLC
=041  0\$geng
=042  \\$alccopycat
=050  00$aSDC 23099
=100  1\$aCella, Lisa.$1https://isni.org/isni/0000000033066226$4prf$4http://rdaregistry.info/Elements/e/object/P20020
=240  14$aThe isle is full of noises$kCollection$1https://isni.org/isni/0000000033066226/islenoise
=245  14$aThe isle is full of noises$h[sound recording].
=260  \\$a[Baton Rouge, La.] :$bCentaur,$cp2010.
=300  \\$a1 sound disc (62 min., 12 sec.) :$bdigital ;$c4 3/4 in.
=336  \\$aperformed music$2rdacontent$0http://rdaregistry.info/termList/RDAContentType/1011
=337  \\$aaudio$2rdamedia$0http://rdaregistry.info/termList/RDAMediaType/1001
=338  \\$acompact disc$2rdacarrier$0http://rdaregistry.info/termList/RDACarrierType/1013
=500  \\$aCompact disc.
=500  \\$aEds. recorded: Smith Publications (1st, 5th works); Rugginenti Editions (6th work).
=500  \\$aProgram and biographical notes in English (5 p.) in container.
=505  0\$aNocturno for solo alto flute / by Mario Lavista (5:55) --                  Fictions : eight pieces for solo flute / by Christopher Wendell Jones (7:41) --                  [ga]:[ge]:[go]:[gu] : for bass flute and computer / by David Kim-Boyle (11:32) --                  Re : for solo piccolo / by Steven Hoey (9:33) --                  Family portraits. Embden Pond : for alto flute and two vibraphones / by Stuart Saunders Smith (12:29) -- Chronopolis : for solo flute / by Franklin Cox (15:00).
=511  0\$aLisa Cella, flute ; Tom Goldstein, Sylvia Smith, vibraphones (5th work).
=518  \\$aRecorded 2007-2009.
=650  \0$aAlto flute music.
=650  \0$aBass flute and electronic music.
=650  \0$aFlute music.
=650  \0$aPiccolo music.
=650  \0$aTrios (Flute, vibraphones (2))
=700  1\$aGoldstein, Thomas$c(Percussionist)$4prf
=700  1\$aSmith, Sylvia H.$4prf
=700  10$aCox, Frank,$d1961-$1https://en.wikipedia.org/wiki/Franklin_Cox$4http://rdaregistry.info/Elements/w/object/P10053$8c/1
=700  12$aCox, Frank,$kSound recording$tChronopolis$1https://en.wikipedia.org/wiki/Franklin_Cox/chronopolis$8c/1
=700  12$aHoey, Steven.$tRe.
=700  12$aJones, Christopher Wendell.$tFictions.
=700  12$aKim-Boyle, David Robert.$t[ga]:[ge]:[go]:[gu]
=700  12$aLavista, Mario,$d1943-2021.$tNocturne,$mflute.
=700  12$aSmith, Stuart Saunders,$d1948-$tFamily portraits.$pEmbden Pond.

