=LDR  01952nam a22004333a 4500
=001  8pfvpcx9683jtsn7
=003  LIBRIS
=005  20220226055504.0
=007  cr\|||\\\|||||\\\\\\\\\
=008  220226s2022\\\\sw\|||||om|||o000\||swe|c
=020  \\$a9789178672677
=020  \\$z9789178672578
=024  7\$ahttp://urn.kb.se/resolve?urn=urn:nbn:se:kau:diva-88238$2uri
=024  7\$aurn:nbn:se:kau:diva-88238$2urn
=024  7\$5APIS$aurn:nbn:se:kau:diva-88238$2urn
=040  \\$aS$ea
=041  \\$aswe$beng
=042  \\$9EPLK
=100  1\$aEdin, Fredrik,$d1967-$4aut$1https://isni.org/isni/000000043862402X$4http://rdaregistry.info/Elements/w/object/P10061
=240  1\$aChronopolis : Time, Power and Mediatization in Malmø$kThesis$1https://isni.org/isni/000000043862402X/Kronopolis$8p
=740  1\$aKronopolis : Tid, makt och medialisering i Malmø$8p
=245  10$aKronopolis$h[Elektronisk resurs]$bTid, makt och medialisering i Malmø
=264  \1$aKarlstad :$bKarlstads universitet,$c2022
=336  \\$atext$2rdacontent$0http://rdaregistry.info/termList/RDAContentType/1020
=337  \\$acomputer$2rdamedia$0http://rdaregistry.info/termList/RDAMediaType/1003
=338  \\$aonline resource$2rdacarrier$0http://rdaregistry.info/termList/RDACarrierType/1018
=490  1\$aKarlstad University Studies,$x1403-8099$x1403-8099 ;$v2022:4
=500  \\$adegree of Doctor of Philosophy
=500  \\$aFilosofie doktorsexamen
=502  \\$aDiss.  Karlstad : Karlstads universitet, 2022
=506  0\$agratis
=700  1\$aÖrnebring, Henrik,$d1972-$4ths
=700  1\$aRyan Bengtsson, Linda,$d1976-$4ths
=700  1\$aKingsepp, Eva,$d1961-$4ths
=700  1\$aEricson, Staffan$4opn
=710  1\$aKarlstads universitet$bFakulteten fr̲ humaniora och samhl̃lsvetenskap (from 2013)$4pbl
=772  08$ichannel record$wdxq1b6fq10bns55
=776  08$iAnnat format$z9789178672578
=830  \0$aKarlstad University Studies,$x1403-8099$x1403-8099 ;$v2022:4

