=LDR  03152cjm a22004577a 4500
=001  18460565
=005  20150130123001.0
=007  sd\fsngnnmmned
=008  150123s2012\\\\gw\ppn|\\\\\\\\\\\|\zxx\d
=010  \\$a  2015616804
=024  3\$a4250382412618
=028  02$aPFRCD30$bPoker Flat Recordings
=035  \\$a(OCoLC)794819529$z(OCoLC)779273190
=040  \\$aTDF$cTDF$dBTCTA$dDLC
=042  \\$alccopycat
=050  00$aSDC 46687
=100  1\$aVan Moll, Erwin.$1https://isni.org/isni/0000000372289205$4cmp$4http://rdaregistry.info/Elements/w/object/P10053$4prd$4http://rdaregistry.info/Elements/w/object/P10304$4prf$4http://rdaregistry.info/Elements/e/object/P20039
=240  10$aDream cargoes$kCollection$1https://isni.org/isni/0000000372289205/dreamcargoes
=245  10$aDream cargoes$h[sound recording] /$cTJ Kong & Modular K.
=260  \\$a[Hamburg, Germany] :$bPoker Flat Recordings,$cp2012.
=300  \\$a1 sound disc :$bdigital ;$c4 3/4 in.
=336  \\$aperformed music$2rdacontent$0http://rdaregistry.info/termList/RDAContentType/1011
=337  \\$aaudio$2rdamedia$0http://rdaregistry.info/termList/RDAMediaType/1001
=338  \\$acompact disc$2rdacarrier$0http://rdaregistry.info/termList/RDACarrierType/1013
=511  0\$aTj Kong, Modular K.
=500  \\$a"All music composed and produced by A.J.E. van Moll and G. Janssen"-Insert.
=500  \\$aCompact disc.
=505  0\$aChronopolis -- The last world of Mr. Goddard -- Dream cargoes -- The Delta at sunset -- End-game (feat. Edward Capel) -- Now wakes the sea -- Studio 5, the stars -- The sound-sweep -- Memories of the space age -- Now: zero.
=650  \0$aHouse music.
=650  \0$aTechno music.
=700  1\$aModular K.$4cmp$4http://rdaregistry.info/Elements/w/object/P10053$4prd$4http://rdaregistry.info/Elements/w/object/P10304$4prf$4http://rdaregistry.info/Elements/e/object/P20039$1https://isni.org/isni/000000044534099X
=700  12$aVan Moll, Erwin$kSound recording$tChronopolis$1https://isni.org/isni/0000000372289205/dreamcargoes/1
=700  12$aVan Moll, Erwin$kSound recording$tThe last world of Mr. Goddard$1https://isni.org/isni/0000000372289205/dreamcargoes/2
=700  12$aVan Moll, Erwin$kSound recording$tDream cargoes/subfield$1https://isni.org/isni/0000000372289205/dreamcargoes/3
=700  12$aVan Moll, Erwin$kSound recording$tThe Delta at sunset$1https://isni.org/isni/0000000372289205/dreamcargoes/4
=700  12$aVan Moll, Erwin$kSound recording$tEnd-game (feat. Edward Capel)$1https://isni.org/isni/0000000372289205/dreamcargoes/5
=700  12$aVan Moll, Erwin$kSound recording$tNow wakes the sea$1https://isni.org/isni/0000000372289205/dreamcargoes/6
=700  12$aVan Moll, Erwin$kSound recording$tStudio 5, the stars$1https://isni.org/isni/0000000372289205/dreamcargoes/7
=700  12$aVan Moll, Erwin$kSound recording$tThe sound-sweep$1https://isni.org/isni/0000000372289205/dreamcargoes/8
=700  12$aVan Moll, Erwin$kSound recording$tMemories of the space age$1https://isni.org/isni/0000000372289205/dreamcargoes/9
=700  12$aVan Moll, Erwin$kSound recording$tNow: zero$1https://isni.org/isni/0000000372289205/dreamcargoes/10

